%% This BibTeX bibliography file was created using BibDesk.
%% http://bibdesk.sourceforge.net/

%% Saved with string encoding Unicode (UTF-8) 
@online{brasildrones,
  author = {Lucas Agrela},
  title = {Brasil é 9º país que mais importa drones},
  url = {http://exame.abril.com.br/tecnologia/brasil-e-9-pais-que-mais-importa-drones/},
  year = 2015,
  urldate = {2016-11-19}
}

@online{dronestats,
  author = {Craig Smith},
  title = {{10 Interesting Drone Statistics}},
  url = {http://expandedramblings.com/index.php/drone-statistics/},
  year = 2016,
  urldate = {2016-11-19}
}

@book{leanstartup,
    author    = "Eric Ries",
    title     = "The Lean Startup: How Today's Entrepreneurs Use Continuous Innovation to Create Radically Successful Businesses",
    year      = "2011",
    publisher = "Crown Business",
}

@online{dronesglobo,
  author = {Globo Rural},
  title = {Drone é o nome da novidade que ajuda a inspecionar fazendas},
  url = {http://g1.globo.com/economia/agronegocios/noticia/2014/03/drone-e-o-nome-da-novidade-que-ajuda-inspecionar-fazendas.html},
  year = 2014,
  urldate = {2016-10-22}
}

@online{pdnsebrae,
  author = {SEBRAE},
  title = {{Como Elaborar um Plano de Negócio}},
  url = {https://www.sebrae.com.br/sites/PortalSebrae/artigos/como-elaborar-um-plano-de-negocio,37d2438af1c92410VgnVCM100000b272010aRCRD},
  year = 2016,
  urldate = {2016-09-17}
}

@masterthesis{monografiapoli,
    author = {João Luiz Alves Rizzo},
    title = {{Elaboração do Plano de Negócio de uma Empresa de Educação Online}},
    school = {Escola Politécnica UFRJ},
    address = {Brasil},
    year = 2014
}


